\bibpunct{(}{)}{;}{a}{,}{,}

@article{Zhang:08, 
author = {Rui Zhang and Hong Hua}, 
journal = {Appl. Opt.}, 
keywords = {Displays; Heads-up displays; Optical design of instruments; Optical systems},
number = {15}, 
pages = {2888--2896}, 
publisher = {OSA},
title = {Design of a polarized head-mounted projection display using ferroelectric liquid-crystal-on-silicon microdisplays}, 
volume = {47}, 
year = {2008},
url = {http://ao.osa.org/abstract.cfm?URI=ao-47-15-2888},
}

@article{sugimoto, 
author={Sugimoto, M. and Kagotani, G. and Nii, H. and Shiroma, N. and Matsuno, F. and Inami, M.}, 
journal={Computer Graphics and Applications, IEEE}, title={Time Follower's Vision: a teleoperation interface with past images}, 
year={2005}, 
month={jan.-feb. }, 
volume={25}, 
number={1}, 
pages={54 -63}, 
keywords={Time Followers Vision;inexperienced operators;mixed-reality-based visual presentation system;past images;robotic vehicle;teleoperation interface;virtual image;graphical user interfaces;telerobotics;virtual reality;Artificial Intelligence;Computer Graphics;Environment;Imaging, Three-Dimensional;Online Systems;Robotics;Software;Telemedicine;User-Computer Interface;Video Recording;}, 
doi={10.1109/MCG.2005.23}, 
ISSN={0272-1716},}

@article{jennings2000agent,
  title={{On agent-based software engineering}},
  author={Jennings, N.R.},
  journal={Artificial Intelligence},
  volume={117},
  number={2},
  pages={277--296},
  year={2000},
  publisher={Elsevier}
}
@book{bratman,
    author = "M. E. Bratman",
    title= "Intentions, Plans and Practical Reason",
    publisher = "Harvard University Press",
    year = "1987"
};

@article{running,
  title={{Running AgentSpeak (L) agents on SIM\_AGENT}},
  author={Machado, R. and Bordini, R.H.},
  journal={Lecture notes in computer science},
  pages={158--174},
  year={2002},
  publisher={Springer}
};


@conference{agentxl,
  title={{AgentSpeak (XL): Efficient intention selection in BDI agents via decision-theoretic task scheduling}},
  author={Bordini, R.H. and Bazzan, A.L.C. and others},
  booktitle={Proceedings of the first international joint conference on Autonomous agents and multiagent systems: part 3},
  pages={1302},
  year={2002},
  organization={ACM}
};





@conference{goalrepr,
    title={{Goal representation for BDI agent systems}},
    author={Braubach, L. and Pokahr, A. and Moldt, D. and Lamersdorf, W.},
    booktitle={Second International Workshop on Programming Multiagent Systems: Languages and Tools},
    volume={7},
    pages={9--20},
    year={2004},
    organization={Springer}
};

@article{bdiagency,
    title={{The belief-desire-intention model of agency}},
    author={Georgeff, M. and Pell, B. and Pollack, M. and Tambe, M. and Wooldridge, M.},
    journal={Lecture Notes in Computer Science},
    pages={1--10},
    year={1999},
    publisher={Springer}
};

@conference{rao1995bdi,
  title={{BDI agents: From theory to practice}},
  author={Rao, A.S. and Georgeff, M.P.},
  booktitle={Proceedings of the first international conference on multi-agent systems (ICMAS-95)},
  pages={312--319},
  year={1995},
  organization={San Francisco, CA}
}


@article{agentspeak,
  title={{AgentSpeak (L): BDI agents speak out in a logical computable language}},
  author={Rao, A.S.},
  journal={Lecture Notes in Computer Science},
  volume={1038},
  pages={42--55},
  year={1996},
  publisher={Springer}
};

@article{proving,
  title={{Proving BDI properties of agent-oriented programming languages: The asymmetry thesis principles in AgentSpeak (L)}},
  author={Bordini, R.H. and Moreira, A.F.},
  journal={Annals of Mathematics and Artificial Intelligence},
  volume={42},
  number={1},
  pages={197--226},
  year={2004},
  publisher={Springer}
};




@inproceedings{eresye,
 author = {Di Stefano, Antonella and Gangemi, Francesca and Santoro, Corrado},
 title = {ERESYE: artificial intelligence in Erlang programs},
 booktitle = {ERLANG '05: Proceedings of the 2005 ACM SIGPLAN workshop on Erlang},
 year = {2005},
 isbn = {1-59593-066-3},
 pages = {62--71},
 location = {Tallinn, Estonia},
 doi = {http://doi.acm.org/10.1145/1088361.1088373},
 publisher = {ACM},
 address = {New York, NY, USA},
 };

@article{gaia,
 title={{The Gaia methodology for agent-oriented analysis and design}},
 author={Wooldridge, M. and Jennings, N.R. and Kinny, D.},
 journal={Autonomous Agents and Multi-Agent Systems},
 volume={3},
 number={3},
 pages={285--312},
 year={2000},
 publisher={Springer}
}

@article{jack,
 title={{Jack intelligent agents-components for intelligent agents in java}},
 author={Busetta, P. and Ronnquist, R. and Hodgson, A. and Lucas, A.},
 journal={AgentLink News Letter},
 volume={2},
 pages={2--5},
 year={1999},
 publisher={Citeseer}
}

@conference{prs,
 title={{Reactive reasoning and planning}},
 author={Georgeff, M.P. and Lansky, A.L.},
 booktitle={Proceedings of the Sixth National Conference on Artificial Intelligence (AAAI-87)},
 pages={677--682},
 year={1987},
 organization={Seattle, WA}
}

@conference{jam,
 title={{JAM: A BDI-theoretic mobile agent architecture}},
 author={Huber, M.J.},
 booktitle={Proceedings of the third annual conference on Autonomous Agents},
 pages={236--243},
 year={1999},
 organization={ACM New York, NY, USA}
}


@article{jadex,
 title={{Jadex: A BDI agent system combining middleware and reasoning}},
 author={Braubach, L. and Pokahr, A. and Lamersdorf, W.},
 journal={Software Agent-Based Applications, Platforms and Development Kits},
 pages={143--168},
 year={2005},
 publisher={Springer}
}

@article{jason,
 title={{BDI agent programming in AgentSpeak using Jason}},
 author={Bordini, R.H. and H{\\"u}bner, J.F.},
 journal={CLIMA VI},
 volume={3900},
 pages={143--164},
 publisher={Springer}
}


@misc{eurorules,
    title="Eurobot 2010 rules",
    url="http://www.eurobot.org/commonfiles/docs/2010/E2010\_rules\_and\_drawing\_EN.pdf"
};

@misc{clips, 
     title = "CLIPS Web Site",
    url="http://www.ghg.net/clips/CLIPS.html"
};


@misc{jess, 
     title = "JESS Web Site",
    url="http://herzberg.ca.sandia.gov/jess/"
};

@misc{eurobot, 
    title = "Eurobot Open",
    url="http://www.eurobot.org"
};

@misc{prolog, 
      title = "Swi-Prolog home page",
      url="http://www.swi-prolog.org/"
};

@misc{python, 
      title = "The Python Programming Language",
      url="http://www.python.org/"
};

% Examples 

@book{Mastering, 
    author = "J. Gradecki and N. Lesiecki",
    title = "Mastering AspectJ: Aspect-Oriented Programming in Java",
    publisher = "J. Wiley and Sons",
    year = "2003"
};

@standard{aspectC,
  author= "W. Gong and H.A. Jacobsen",
    title = "AspeCt-oriented C Language Specification",
    type          = "Working Technical Draft",
    institution ="University of Toronto.",
    revision      = "0.8",
    year          = "2008",
    month = "January",
    url = "http://www.aspectc.net/acc\_manual.pdf"
};

@misc{parrC, 
    author =  "Terence Parr",
    title = "{ANSI C ANTLR} v3 grammar",
    year = "2006",
    month="July",
    url="http://www.antlr.org/grammar/1153358328744/C.g"
};


