\bibpunct{(}{)}{;}{a}{,}{,}
\usepackage{url}

@article{Zhang:08, 
author = {Rui Zhang and Hong Hua}, 
journal = {Appl. Opt.}, 
keywords = {Displays; Heads-up displays; Optical design of instruments; Optical systems},
number = {15}, 
pages = {2888--2896}, 
publisher = {OSA},
title = {Design of a polarized head-mounted projection display using ferroelectric liquid-crystal-on-silicon microdisplays}, 
volume = {47}, 
year = {2008},
url = {http://ao.osa.org/abstract.cfm?URI=ao-47-15-2888},
}

@article{sugimoto, 
author={Sugimoto, M. and Kagotani, G. and Nii, H. and Shiroma, N. and Matsuno, F. and Inami, M.}, 
journal={Computer Graphics and Applications, IEEE}, title={Time Follower's Vision: a teleoperation interface with past images}, 
year={2005}, 
month={jan.-feb. }, 
volume={25}, 
number={1}, 
pages={54 -63}, 
keywords={Time Followers Vision;inexperienced operators;mixed-reality-based visual presentation system;past images;robotic vehicle;teleoperation interface;virtual image;graphical user interfaces;telerobotics;virtual reality;Artificial Intelligence;Computer Graphics;Environment;Imaging, Three-Dimensional;Online Systems;Robotics;Software;Telemedicine;User-Computer Interface;Video Recording;}, 
doi={10.1109/MCG.2005.23}, 
ISSN={0272-1716},}

@article{privitera,
 author = {Livatino, Salvatore and Privitera, Filippo},
 title = {3D visualization technologies for teleguided robots},
 booktitle = {VRST '06: Proceedings of the ACM symposium on Virtual reality software and technology},
 year = {2006},
 isbn = {1-59593-321-2},
 pages = {240--243},
 location = {Limassol, Cyprus},
 doi = {http://doi.acm.org/10.1145/1180495.1180544},
 publisher = {ACM},
 address = {New York, NY, USA},
}

@article{livatino2010,
title = "Depth-enhanced mobile robot teleguide based on laser images",
journal = "Mechatronics",
volume = "In Press, Corrected Proof",
number = "",
pages = " - ",
year = "2010",
note = "",
issn = "0957-4158",
doi = "DOI: 10.1016/j.mechatronics.2010.01.011",
url = "http://www.sciencedirect.com/science/article/B6V43-4YKFMP7-2/2/4cff2a4327b098b7f3d2bda3dc80031b",
author = "S. Livatino and G. Muscato and S. Sessa and V. Neri",
keywords = "Telerobotics",
keywords = "Stereo vision",
keywords = "3D Displays",
keywords = "Virtual reality",
keywords = "Mobile robotics"
}


@misc{ wiki:frustum,
   author = "Wikipedia",
   title = "Viewing frustum --- Wikipedia{,} The Free Encyclopedia",
   year = "2010",
   url = "http://en.wikipedia.org/w/index.php?title=Viewing\_frustum\&oldid=355122422",
};

@misc{ opengl:gluPerspective,
   author = "opengl.org",
   title = "gluPerspective - set up a perspective projection matrix",
   url = "http://www.opengl.org/sdk/docs/man/xhtml/gluPerspective.xml",
};

@misc{ opengl:cameraanalogy,
   author = "Dave Shreiner",
   title = "The OpenGL Camera Analogy",
   url = "http://glprogramming.com/red/chapter03.html"
};

@misc{ opengl:gluLookAt,
   title = "gluLookAt - define a viewing transformation",
   url = "http://www.opengl.org/sdk/docs/man/xhtml/gluLookAt.xml",
};

@misc{ opengl:brieftutorial,
   author = "Stina Bridgeman",
   title = "OpenGL Tutorial",
   url = "http://math.hws.edu/bridgeman/courses/324/s06/doc/opengl.html",
};

@misc{ videredesign,
   title = "Videre Design Home Page",
   url = "http://www.videredesign.com/",
};


@standard{robot:whereami,
  author= "J. Borenstein and H. R. Everett and L. Feng",
    title = "Where am I? Sensors and Methods for Mobile Robot Positioning",
    institution ="University of Michigan",
    year          = "2006",
    month = "April",
    url = "ftp://ftp.eecs.umich.edu/people/johannb/pos96rep.pdf"
};




@book{opengl:redbook, 
    author = "Dave Shreiner",
    title = "OpenGL Programming Guide: The Official Guide to Learning OpenGL, Versions 3.0 and 3.1 (7th Edition)",
    publisher = "J. Wiley and Sons",
    year = "2009"
};

@book{opengl:distilled,
 author = {Martz, Paul},
 title = {OpenGL(R) Distilled},
 year = {2006},
 isbn = {0321336798},
 publisher = {Addison-Wesley Professional},
};

@misc{ rosen ,
   title = "Rosen - RObotic Simulation Erlang eNgine",
   url = "http://sourceforge.net/projects/rosen/",
};

@misc{ erlang ,
   title = "The Erlang programming language",
   url = "http://www.erlang.org/",
};

@misc{ eurobot,
   title = "Eurobot Open Competition",
   url = "http://www.eurobot.org/",
};

@misc{ opengl:camera,
   author = "www.codecolony.de",
   title = "Using a camera and simple user input",
   url = "http://www.codecolony.de/opengl.htm\#camera",
};

@misc{ withinboundaries:pointintriangle,
   author = "www.blackpawn.com",
   title = "Point in triangle test",
   url = "http://www.blackpawn.com/texts/pointinpoly/default.html",
};

@misc{ morduc:features,
   author = "\uppercase{DIEES} - University of Catania",
   title = "3rd version of the MObile Robot DIEES University of Catania",
   url = "http://www.robotic.diees.unict.it/robots/morduc/morduc.htm",
};



@article{morduc:dasero,
   title = "Improving Telecommunication Performance for Robot Teleguide: a study of TCP, RTP and RTSP protocols",
   year = "2009",
   author = "Simona D'Asero",
   keywords = "Telerobotics",
   keywords = "Mobile robotics",
   keywords = "RTSP protocol"
}

@article{morduc:neri,
   title = "Mobile Robot tele-guide based on laser sensors",
   year = "2008",
   author = "Valentina Neri",
   keywords = "Telerobotics",
   keywords = "Mobile robotics",
   keywords = "3D teleoperation"
}

@article{morduc:macalusodetommaso,
   title = "Augmented reality user-interface for robot  teleguide based on video and laser data",
   year = "2009",
   author = "Davide De Tommaso and Marco Macaluso",
   keywords = "Telerobotics",
   keywords = "Mobile robotics",
   keywords = "Augmented reality",
   keywords = "Obstacles avoidance"
}


% Examples 

@book{Mastering, 
    author = "J. Gradecki and N. Lesiecki",
    title = "Mastering AspectJ: Aspect-Oriented Programming in Java",
    publisher = "Addison-Wesley",
    year = "2003"
};

@standard{aspectC,
  author= "W. Gong and H.A. Jacobsen",
    title = "AspeCt-oriented C Language Specification",
    type          = "Working Technical Draft",
    institution ="University of Toronto.",
    revision      = "0.8",
    year          = "2008",
    month = "January",
    url = "http://www.aspectc.net/acc\_manual.pdf"
};

@misc{parrC, 
    author =  "Terence Parr",
    title = "{ANSI C ANTLR} v3 grammar",
    year = "2006",
    month="July",
    url="http://www.antlr.org/grammar/1153358328744/C.g"
};